@article{solomon-2016,
 author = {Solomon, Justin and Peyr{\'e}, Gabriel and Kim, Vladimir G. and Sra, Suvrit},
 title = {Entropic Metric Alignment for Correspondence Problems},
 journal = {ACM Trans. Graph.},
 volume = {35},
 number = {4},
 month = jul,
 year = {2016},
 pages = {72:1--72:13},
} 