../summary/optimal_transport.bib